<record><leader>02810nam a2200409 i 4500</leader><controlfield tag="001">6748908</controlfield><controlfield tag="003">FlBoTFG</controlfield><controlfield tag="005">20141121161956.0</controlfield><controlfield tag="006">m|||||o||d||||||||</controlfield><controlfield tag="007">cr||||</controlfield><controlfield tag="008">141121t20152015fluadf  ob    001 0 eng d</controlfield><datafield ind1=" " ind2=" " tag="020"><subfield code="a">9781439847930 (e-book : PDF)</subfield></datafield><datafield ind1=" " ind2=" " tag="035"><subfield code="a">ocn893680375</subfield></datafield><datafield ind1=" " ind2=" " tag="039"><subfield code="a">exclude</subfield></datafield><datafield ind1=" " ind2=" " tag="040"><subfield code="a">FlBoTFG</subfield><subfield code="b">eng</subfield><subfield code="c">FlBoTFG</subfield><subfield code="e">rda</subfield><subfield code="d">AEU</subfield></datafield><datafield ind1=" " ind2="4" tag="050"><subfield code="a">SB267</subfield><subfield code="b">.C63 2015</subfield></datafield><datafield ind1=" " ind2=" " tag="090"><subfield code="a">Internet Access</subfield><subfield code="b">AEU</subfield></datafield><datafield ind1="0" ind2="0" tag="245"><subfield code="a">Cocoa and coffee fermentations /</subfield><subfield code="c">edited by Rosane F. Schwan, Graham H. Fleet.</subfield></datafield><datafield ind1=" " ind2="1" tag="264"><subfield code="a">Boca Raton :</subfield><subfield code="b">CRC Press,</subfield><subfield code="c">[2015]</subfield></datafield><datafield ind1=" " ind2="4" tag="264"><subfield code="c">&#169;2015</subfield></datafield><datafield ind1=" " ind2=" " tag="300"><subfield code="a">1 online resource.</subfield></datafield><datafield ind1=" " ind2=" " tag="336"><subfield code="a">text</subfield><subfield code="2">rdacontent</subfield></datafield><datafield ind1=" " ind2=" " tag="337"><subfield code="a">computer</subfield><subfield code="2">rdamedia</subfield></datafield><datafield ind1=" " ind2=" " tag="338"><subfield code="a">online resource</subfield><subfield code="2">rdacarrier</subfield></datafield><datafield ind1="1" ind2=" " tag="490"><subfield code="a">Fermented foods and beverages series</subfield></datafield><datafield ind1=" " ind2=" " tag="504"><subfield code="a">Includes bibliographical references and index.</subfield></datafield><datafield ind1="0" ind2=" " tag="505"><subfield code="a">Mixed microbial fermentations and methodologies for their investigation / Dennis S. Nielsen, Nils Arneborg and Lene Jespersen -- Botany and production of cocoa / Uilson V. Lopes and Jose Luis Pires -- Methods of cocoa fermentation and drying / Wisdom Kofi Amoa-Awua -- Microbial activities during cocoa fermentation / Rosane F. Schwan, Gilberto V. de Melo Pereira and Graham H. Fleet -- Biochemistry of cocoa fermentation / J&#252;rgen Voigt and Reinhard Lieberei -- Quality and safety of cocoa beans / L&#237;dia J.R. Lima and M.J. Rob Nout -- Cocoa processing and chocolate technology / Emmanuel Ohene Afoakwa -- Agro-industrial uses of cocoa by-products / Disney Ribeiro Dias -- Botany and production of coffee / Ney Sussumu Sakiyama and Maria Am&#233;lia Gava Ferr&#227;o -- Methods of coffee fermentation and drying / Carlos H.J. Brando and Maria Fernanda P. Brando -- Microbial activity during coffee fermentation / Cristina Ferreira Silva -- Metabolic responses of coffee beans during processing and their impact on coffee flavor / Dirk Selmar, Maik Kleinw&#228;chter and Gerhard Bytof -- Quality of coffee beans / Lu&#237;s Roberto Batista and Sara Maria Chalfoun -- Toxigenic fungi and mycotoxins in coffee / Marta H. Taniwaki, Beatriz T. Iamanaka and Maria Helena P. Fungaro -- Management and utilization of wastes from coffee processing / Disney Ribeiro Dias, Nelson Rodr&#237;guez Valencia, Diego A. Zambrano Franco and Juan Carlos L&#243;pez-N&#250;&#241;ez.</subfield></datafield><datafield ind1=" " ind2=" " tag="596"><subfield code="a">44</subfield></datafield><datafield ind1=" " ind2="0" tag="650"><subfield code="a">Cacao.</subfield></datafield><datafield ind1=" " ind2="0" tag="650"><subfield code="a">Coffee.</subfield></datafield><datafield ind1=" " ind2="0" tag="650"><subfield code="a">Fermentation.</subfield></datafield><datafield ind1="1" ind2=" " tag="700"><subfield code="a">Schwan, Rosane F.,</subfield><subfield code="e">editor.</subfield></datafield><datafield ind1="1" ind2=" " tag="700"><subfield code="a">Fleet, G. H.</subfield><subfield code="q">(Graham H.),</subfield><subfield code="d">1946-</subfield><subfield code="e">editor.</subfield></datafield><datafield ind1=" " ind2="0" tag="830"><subfield code="a">Fermented foods and beverages series.</subfield></datafield><datafield ind1="4" ind2="0" tag="856"><subfield code="3">University of Alberta Access</subfield><subfield code="u">http://marc.crcnetbase.com/isbn/9781439847930</subfield><subfield code="z">(Unlimited Concurrent Users)</subfield></datafield><datafield ind1=" " ind2=" " tag="949"><subfield code="h">UAIN</subfield><subfield code="z">CRC</subfield></datafield><datafield ind1=" " ind2=" " tag="926"><subfield code="a">Internet Access</subfield><subfield code="w">LC</subfield><subfield code="c">1</subfield><subfield code="i">6748908-1001</subfield><subfield code="l">INTERNET</subfield><subfield code="m">UAINTERNET</subfield><subfield code="r">Y</subfield><subfield code="s">Y</subfield><subfield code="t">E-RESOURCE</subfield><subfield code="u">12/2/2014</subfield><subfield code="x">E-BOOK</subfield><subfield code="z">CRC</subfield></datafield></record>